@article{Pan1984,
 author = {Pan, Victor},
 title = {How can we speed up matrix multiplication?},
 journal = {SIAM Rev.},
 issue_date = {July 1984},
 volume = {26},
 number = {3},
 month = jul,
 year = {1984},
 issn = {0036-1445},
 pages = {393--415},
 numpages = {23},
 url = {http://dx.doi.org/10.1137/1026076},
 doi = {10.1137/1026076},
 acmid = {1165},
 publisher = {Society for Industrial and Applied Mathematics},
 address = {Philadelphia, PA, USA},
}

@Article{Hig70,
  author =       {Higman, D. G.},
  title =        {Coherent configurations. I},
  journal =      {Rend. Sem. Mat. Univ. Padova},
  year =         1970,
  volume =       44,
  pages =        {1--25}
}

@book{Hig72,
  title={Combinatorial considerations about permutation groups},
  author={Higman, D.G.},
  url={http://books.google.ru/books?id=XPTuAAAAMAAJ},
  year={1972},
  publisher={Mathematical Institute}
}

@Article{Hig75,
  author =       {Higman, D. G.},
  title =        {Coherent configurations. I: Ordinary representation theory},
  journal =      {Geometriae dedicata},
  year =         1975,
  volume =       4,
  pages =        {1--32}
}



@book {MR1858793,
TITLE = {Perfect graphs},
SERIES = {Wiley-Interscience Series in Discrete Mathematics and Optimization},
EDITOR = {Ram{\'{\i}}rez Alfons{\'{\i}}n, J. L. and Reed, B.},
PUBLISHER = {John Wiley \& Sons Ltd.},
ADDRESS = {Chichester},
YEAR = {2001},
PAGES = {xxii+362},
}

@inbook{Sim01,
author = {G. Simonyi},
chapter = {Perfect Graphs and Graph Entropy. An Updated Survey.},
url = {http://www.renyi.hu/~simonyi/perfhgp.pdf},
crossref = {MR1858793}
}

@book{Dummit99,
  title={Abstract algebra},
  author={Dummit, D.S. and Foote, R.M.},
  isbn={9780135693025},
  lccn={98041445},
  url={http://books.google.ru/books?id=OL0ZAQAAIAAJ},
  year={1999},
  publisher={Prentice Hall},
  language={english}
}

@inproceedings{Cohn03,
 author = {Cohn, Henry and Umans, Christopher},
 title = {A Group-Theoretic Approach to Fast Matrix Multiplication},
 booktitle = {Proceedings of the 44th Annual IEEE Symposium on Foundations of Computer Science},
 series = {FOCS '03},
 year = {2003},
 isbn = {0-7695-2040-5},
 pages = {438--},
 url = {http://dl.acm.org/citation.cfm?id=946243.946301},
 acmid = {946301},
 publisher = {IEEE Computer Society},
 address = {Washington, DC, USA},
 language={english}
} 

@inproceedings{Cohn05,
 author = {Cohn, Henry and Kleinberg, Robert and Szegedy, Balazs and Umans, Christopher},
 title = {Group-theoretic Algorithms for Matrix Multiplication},
 booktitle = {Proceedings of the 46th Annual IEEE Symposium on Foundations of Computer Science},
 series = {FOCS '05},
 year = {2005},
 isbn = {0-7695-2468-0},
 pages = {379--388},
 numpages = {10},
 url = {http://users.cms.caltech.edu/~umans/papers/CKSU05.pdf},
 doi = {10.1109/SFCS.2005.39},
 acmid = {1097473},
 publisher = {IEEE Computer Society},
 address = {Washington, DC, USA},
 language={english}
} 

@article{Cohn12,
  author = {Cohn, Henry and Umans, Christopher},
  journal = {CoRR},
  title = {Fast matrix multiplication using coherent configurations},
  volume = {abs/1207.6528},
  year = 2012,
  language={english}
}

@inproceedings{Salem,
  author = {R. Salem and D.C. Spencer},
  title = {On sets of integers which contain no three terms in arithmetical progression},
  year = 1942,
  url = {http://www.ncbi.nlm.nih.gov/pmc/articles/PMC1078539/pdf/pnas01647-0055.pdf},
  language={english}
}

@misc{Lecture,
  Author = {Bl{\"a}ser, Markus},
  Title = {Complexity of bilinear problems (lecture notes scribed by F. Bendun)},
  Institution = {Saarland University},
  Howpublished = {University Lecture},
  Year = {2009},
  language={english}
}

@misc{Thesis, 
  author = {Mebane, Palmer}, 
  title = {Uniquely Solvable Puzzles and Fast Matrix Multiplication}, 
  Institution = {Harvey Mudd College},
  howpublished = {HMC Senior Theses}, 
  year = {2012}, 
  language={english}
}

@misc{ wiki:O,
   author = "Wikipedia",
   title = "Big O notation --- {W}ikipedia{,} The Free Encyclopedia",
   year = "2013",
   url = "http://en.wikipedia.org/wiki/Big_O_notation",
   note = "[Online; accessed 05-August-2013]",
   language={english}
 }
 
 @misc{ wiki:bf,
   author = "Wikipedia",
   title = "Bilinear form --- {W}ikipedia{,} The Free Encyclopedia",
   year = "2013",
   url = "http://en.wikipedia.org/wiki/Bilinear_form",
   note = "[Online; accessed 18-August-2013]",
   language={english}
 } 
 
 @misc{ wiki:qf,
   author = "Wikipedia",
   title = "Quadratic form --- {W}ikipedia{,} The Free Encyclopedia",
   year = "2013",
   url = "http://en.wikipedia.org/wiki/Quadratic_form",
   note = "[Online; accessed 19-August-2013]",
   language={english}
 }
 
@article{Hastad90,
  author    = {Johan H{\aa}stad},
  title     = {Tensor Rank is NP-Complete},
  journal   = {J. Algorithms},
  volume    = {11},
  number    = {4},
  year      = {1990},
  pages     = {644-654},
  ee        = {http://dx.doi.org/10.1016/0196-6774(90)90014-6},
  bibsource = {DBLP, http://dblp.uni-trier.de}
} 
 
 @article{Bini,
year={1980},
issn={0008-0624},
journal={CALCOLO},
volume={17},
number={1},
doi={10.1007/BF02575865},
title={Relations between exact and approximate bilinear algorithms. Applications},
url={http://dx.doi.org/10.1007/BF02575865},
publisher={Springer-Verlag},
author={Bini, D.},
pages={87-97},
language={English}
}

@article{Schonhage81,
  author    = {Arnold Sch{\"o}nhage},
  title     = {Partial and Total Matrix Multiplication},
  journal   = {SIAM J. Comput.},
  volume    = {10},
  number    = {3},
  year      = {1981},
  pages     = {434-455},
}
 
 @article{Strassen:1969,
    author = {Strassen, Volker},
    day = {29},
    doi = {10.1007/bf02165411},
    issn = {0029-599X},
    journal = {Numerische Mathematik},
    keywords = {matrix\_multiplication},
    month = aug,
    mrnumber = {MR248973},
    number = {4},
    pages = {354--356},
    posted-at = {2010-07-17 19:30:42},
    priority = {1},
    publisher = {Springer Berlin / Heidelberg},
    title = {Gaussian elimination is not optimal},
    url = {http://dx.doi.org/10.1007/bf02165411},
    volume = {13},
    year = {1969},
    language={english}
}

@article{Strassen:1973,
author = {Strassen, Volker},
journal = {Journal für die reine und angewandte Mathematik},
language = {german},
pages = {184-202},
title = {Vermeidung von Divisionen.},
url = {http://eudml.org/doc/151394},
volume = {264},
year = {1973},
}

@article{Strassen1987,
author = {Strassen, V.},
journal = {Journal für die reine und angewandte Mathematik},
keywords = {bilinear complexity; asymptotic spectrum of tensors; deformation theory in modules over linear algebraic groups; exponent; matrix multiplication},
language = {eng},
pages = {406-443},
title = {Relative bilinear complexity and matrix multiplication.},
url = {http://eudml.org/doc/152921},
volume = {0375\_0376},
year = {1987},
}

@article{Coppersmith:1990,
 author = {Coppersmith, Don and Winograd, Shmuel},
 title = {Matrix multiplication via arithmetic progressions},
 journal = {J. Symb. Comput.},
 issue_date = {March 1990},
 volume = {9},
 number = {3},
 month = mar,
 year = {1990},
 issn = {0747-7171},
 pages = {251--280},
 numpages = {30},
 url = {http://dx.doi.org/10.1016/S0747-7171(08)80013-2},
 doi = {10.1016/S0747-7171(08)80013-2},
 acmid = {77766},
 publisher = {Academic Press, Inc.},
 address = {Duluth, MN, USA},
 language={english}
}

@book{stothers2010,
  title={On the Complexity of Matrix Multiplication},
  author={Stothers, A.J.},
  url={http://books.google.ru/books?id=J1KEkgEACAAJ},
  year={2010},
  publisher={University of Edinburgh}
}

@unpublished{Williams:2011,
    author = {{Vassilevska Williams}, Virginia},
    citeulike-article-id = {10256311},
    posted-at = {2012-01-23 12:37:14},
    priority = {0},
    title = {Breaking the {C}oppersmith-{W}inograd Barrier},
    year = {2011},
    language={english}
}

@book{huppert1998,
  title={Character Theory of Finite Groups},
  author={Huppert, B.},
  isbn={9783110809237},
  series={De Gruyter Expositions in Mathematics},
  url={http://books.google.ru/books?id=GjyWI91FAZQC},
  year={1998},
  publisher={De Gruyter},
  language={english}
}

@book{bur,
  title={Algebraic Complexity Theory},
  author={B{\"u}rgisser, P. and Clausen, M. and Shokrollahi, M.A.},
  isbn={9783540605829},
  lccn={lc96029754},
  series={A series of comprehensive studies in mathematics},
  url={http://books.google.ru/books?id=dYcgjfXsYk8C},
  year={1997},
  publisher={Springer},
  language={english}
}

@article{Alon11,
  added-at = {2012-08-17T00:00:00.000+0200},
  author = {Alon, Noga and Shpilka, Amir and Umans, Christopher},
  biburl = {http://www.bibsonomy.org/bibtex/2837b0cdda0b0143f60b1f778ddb0e61f/dblp},
  ee = {http://eccc.hpi-web.de/report/2011/067},
  interhash = {8a43ca69c3d7261f429df9c370efed97},
  intrahash = {837b0cdda0b0143f60b1f778ddb0e61f},
  journal = {Electronic Colloquium on Computational Complexity (ECCC)},
  keywords = {dblp},
  pages = 67,
  timestamp = {2012-08-17T00:00:00.000+0200},
  title = {On Sunflowers and Matrix Multiplication.},
  url = {http://dblp.uni-trier.de/db/journals/eccc/eccc18.html#AlonSU11},
  volume = 18,
  year = 2011,
  language={english}
}

@article{Platonov,
  author = {В.П.Платонов and Ю.В.Кузнецов and М.М.Петрунин},
  language = {russian},
  title = {О теоретико-групповом подходе к проблеме быстрого умножения матриц},
  year = {2010},
}
